@ARTICLE{2014ApJ...780..139G,
   author = {{Guo}, H. and {Li}, C. and {Jing}, Y.~P. and {B{\"o}rner}, G.
    },
        title = "{Stellar Mass and Color Dependence of the Three-point
        Correlation Function of Galaxies in the Local Universe}",
          journal = {\apj},
          archivePrefix = "arXiv",
             eprint = {1303.2609},
              keywords = {cosmology: observations, galaxies: statistics,
              large-scale structure of universe},
                   year = 2014,
                       month = jan,
                          volume = 780,
                                eid = {139},
                                    pages = {139},
                                          doi = {10.1088/0004-637X/780/2/139},
                                             adsurl =
                                             {http://adsabs.harvard.edu/abs/2014ApJ...780..139G},
                                               adsnote = {Provided by the
                                               SAO/NASA Astrophysics Data
                                               System}
}

@ARTICLE{2011ApJ...739...85M,
   author = {{McBride}, C.~K. and {Connolly}, A.~J. and {Gardner}, J.~P. and 
    {Scranton}, R. and {Scoccimarro}, R. and {Berlind}, A.~A. and 
        {Mar{\'{\i}}n}, F. and {Schneider}, D.~P.},
            title = "{Three-point Correlation Functions of SDSS Galaxies:
            Constraining Galaxy-mass Bias}",
              journal = {\apj},
              archivePrefix = "arXiv",
                 eprint = {1012.3462},
                  keywords = {cosmology: observations, galaxies: statistics,
                  large-scale structure of universe},
                       year = 2011,
                           month = oct,
                              volume = 739,
                                    eid = {85},
                                        pages = {85},
                                              doi =
                                              {10.1088/0004-637X/739/2/85},
                                                 adsurl =
                                                 {http://adsabs.harvard.edu/abs/2011ApJ...739...85M},
                                                   adsnote = {Provided by the
                                                   SAO/NASA Astrophysics Data
                                                   System}
}

@ARTICLE{2011ApJ...726...13M,
   author = {{McBride}, C.~K. and {Connolly}, A.~J. and {Gardner}, J.~P. and 
    {Scranton}, R. and {Newman}, J.~A. and {Scoccimarro}, R. and 
        {Zehavi}, I. and {Schneider}, D.~P.},
            title = "{Three-point Correlation Functions of SDSS Galaxies:
            Luminosity and Color Dependence in Redshift and Projected Space}",
              journal = {\apj},
              archivePrefix = "arXiv",
                 eprint = {1007.2414},
                  primaryClass = "astro-ph.CO",
                   keywords = {cosmology: observations, galaxies: statistics,
                   large-scale structure of universe, surveys},
                        year = 2011,
                            month = jan,
                               volume = 726,
                                     eid = {13},
                                         pages = {13},
                                               doi =
                                               {10.1088/0004-637X/726/1/13},
                                                  adsurl =
                                                  {http://adsabs.harvard.edu/abs/2011ApJ...726...13M},
                                                    adsnote = {Provided by the
                                                    SAO/NASA Astrophysics Data
                                                    System}
}

@ARTICLE{2009MNRAS.399..801G,
   author = {{Gazta{\~n}aga}, E. and {Cabr{\'e}}, A. and {Castander}, F. and 
    {Crocce}, M. and {Fosalba}, P.},
        title = "{Clustering of luminous red galaxies - III. Baryon acoustic
        peak in the three-point correlation}",
          journal = {\mnras},
          archivePrefix = "arXiv",
             eprint = {0807.2448},
              keywords = {galaxies: statistics , cosmology: observations ,
              large-scale structure of Universe},
                   year = 2009,
                       month = oct,
                          volume = 399,
                              pages = {801-811},
                                    doi = {10.1111/j.1365-2966.2009.15313.x},
                                       adsurl =
                                       {http://adsabs.harvard.edu/abs/2009MNRAS.399..801G},
                                         adsnote = {Provided by the SAO/NASA
                                         Astrophysics Data System}
}

@ARTICLE{2007MNRAS.378.1196K,
   author = {{Kulkarni}, G.~V. and {Nichol}, R.~C. and {Sheth}, R.~K. and 
    {Seo}, H.-J. and {Eisenstein}, D.~J. and {Gray}, A.},
        title = "{The three-point correlation function of luminous red galaxies
        in the Sloan Digital Sky Survey}",
          journal = {\mnras},
             eprint = {astro-ph/0703340},
              keywords = {methods: statistical, surveys, galaxies: statistics,
              cosmology: observations, large-scale structure of Universe},
                   year = 2007,
                       month = jul,
                          volume = 378,
                              pages = {1196-1206},
                                    doi = {10.1111/j.1365-2966.2007.11872.x},
                                       adsurl =
                                       {http://adsabs.harvard.edu/abs/2007MNRAS.378.1196K},
                                         adsnote = {Provided by the SAO/NASA
                                         Astrophysics Data System}
}

@ARTICLE{2006MNRAS.368.1507N,
   author = {{Nichol}, R.~C. and {Sheth}, R.~K. and {Suto}, Y. and {Gray},
   A.~J. and 
    {Kayo}, I. and {Wechsler}, R.~H. and {Marin}, F. and {Kulkarni}, G. and 
        {Blanton}, M. and {Connolly}, A.~J. and {Gardner}, J.~P. and 
            {Jain}, B. and {Miller}, C.~J. and {Moore}, A.~W. and {Pope}, A.
            and 
                {Pun}, J. and {Schneider}, D. and {Schneider}, J. and {Szalay},
                A. and 
                    {Szapudi}, I. and {Zehavi}, I. and {Bahcall}, N.~A. and
                    {Csabai}, I. and 
                        {Brinkmann}, J.},
                            title = "{The effect of large-scale structure on
                            the SDSS galaxy three-point correlation function}",
                              journal = {\mnras},
                                 eprint = {astro-ph/0602548},
                                  keywords = {methods: statistical , surveys ,
                                  galaxies: statistics , cosmology:
                                  observations , large-scale structure of
                                  Universe},
                                       year = 2006,
                                           month = jun,
                                              volume = 368,
                                                  pages = {1507-1514},
                                                        doi =
                                                        {10.1111/j.1365-2966.2006.10239.x},
                                                           adsurl =
                                                           {http://adsabs.harvard.edu/abs/2006MNRAS.368.1507N},
                                                             adsnote =
                                                             {Provided by the
                                                             SAO/NASA
                                                             Astrophysics Data
                                                             System}
}

@ARTICLE{2005MNRAS.364..620G,
   author = {{Gazta{\~n}aga}, E. and {Norberg}, P. and {Baugh}, C.~M. and 
    {Croton}, D.~J.},
        title = "{Statistical analysis of galaxy surveys - II. The three-point
        galaxy correlation function measured from the 2dFGRS}",
          journal = {\mnras},
             eprint = {astro-ph/0506249},
              keywords = {galaxies: statistics, cosmology: theory, large-scale
              structure of Universe},
                   year = 2005,
                       month = dec,
                          volume = 364,
                              pages = {620-634},
                                    doi = {10.1111/j.1365-2966.2005.09583.x},
                                       adsurl =
                                       {http://adsabs.harvard.edu/abs/2005MNRAS.364..620G},
                                         adsnote = {Provided by the SAO/NASA
                                         Astrophysics Data System}
}

@ARTICLE{2005MNRAS.361..824G,
   author = {{Gazta{\~n}aga}, E. and {Scoccimarro}, R.},
       title = "{The three-point function in large-scale structure: redshift
       distortions and galaxy bias}",
         journal = {\mnras},
            eprint = {astro-ph/0501637},
             keywords = {galaxies: statistics, large-scale structure of
             Universe},
                  year = 2005,
                      month = aug,
                         volume = 361,
                             pages = {824-836},
                                   doi = {10.1111/j.1365-2966.2005.09234.x},
                                      adsurl =
                                      {http://adsabs.harvard.edu/abs/2005MNRAS.361..824G},
                                        adsnote = {Provided by the SAO/NASA
                                        Astrophysics Data System}
}

@ARTICLE{2004PASJ...56..415K,
   author = {{Kayo}, I. and {Suto}, Y. and {Nichol}, R.~C. and {Pan}, J. and 
    {Szapudi}, I. and {Connolly}, A.~J. and {Gardner}, J. and {Jain}, B. and 
        {Kulkarni}, G. and {Matsubara}, T. and {Sheth}, R. and {Szalay}, A.~S.
        and 
            {Brinkmann}, J.},
                title = "{Three-Point Correlation Functions of SDSS Galaxies in
                Redshift Space: Morphology, Color, and Luminosity Dependence}",
                  journal = {\pasj},
                     eprint = {astro-ph/0403638},
                          year = 2004,
                              month = jun,
                                 volume = 56,
                                     pages = {415-423},
                                           doi = {10.1093/pasj/56.3.415},
                                              adsurl =
                                              {http://adsabs.harvard.edu/abs/2004PASJ...56..415K},
                                                adsnote = {Provided by the
                                                SAO/NASA Astrophysics Data
                                                System}
}

@ARTICLE{2004ApJ...607..140J,
   author = {{Jing}, Y.~P. and {B{\"o}rner}, G.},
       title = "{The Three-Point Correlation Function of Galaxies Determined
       from the Two-Degree Field Galaxy Redshift Survey}",
         journal = {\apj},
            eprint = {astro-ph/0311585},
             keywords = {Cosmology: Theory, Cosmology: Dark Matter, Galaxies:
             Clusters: General, Galaxies: Distances and Redshifts, Cosmology:
             Large-Scale Structure of Universe},
                  year = 2004,
                      month = may,
                         volume = 607,
                             pages = {140-163},
                                   doi = {10.1086/383343},
                                      adsurl =
                                      {http://adsabs.harvard.edu/abs/2004ApJ...607..140J},
                                        adsnote = {Provided by the SAO/NASA
                                        Astrophysics Data System}
}

@ARTICLE{2002MNRAS.335..432V,
   author = {{Verde}, L. and {Heavens}, A.~F. and {Percival}, W.~J. and
   {Matarrese}, S. and 
    {Baugh}, C.~M. and {Bland-Hawthorn}, J. and {Bridges}, T. and 
        {Cannon}, R. and {Cole}, S. and {Colless}, M. and {Collins}, C. and 
            {Couch}, W. and {Dalton}, G. and {De Propris}, R. and {Driver},
            S.~P. and 
                {Efstathiou}, G. and {Ellis}, R.~S. and {Frenk}, C.~S. and
                {Glazebrook}, K. and 
                    {Jackson}, C. and {Lahav}, O. and {Lewis}, I. and
                    {Lumsden}, S. and 
                        {Maddox}, S. and {Madgwick}, D. and {Norberg}, P. and
                        {Peacock}, J.~A. and 
                            {Peterson}, B.~A. and {Sutherland}, W. and
                            {Taylor}, K.},
                                title = "{The 2dF Galaxy Redshift Survey: the
                                bias of galaxies and the density of the
                                Universe}",
                                  journal = {\mnras},
                                     eprint = {astro-ph/0112161},
                                      keywords = {galaxies: clusters: general,
                                      cosmological parameters, large-scale
                                      structure of Universe},
                                           year = 2002,
                                               month = sep,
                                                  volume = 335,
                                                      pages = {432-440},
                                                            doi =
                                                            {10.1046/j.1365-8711.2002.05620.x},
                                                               adsurl =
                                                               {http://adsabs.harvard.edu/abs/2002MNRAS.335..432V},
                                                                 adsnote =
                                                                 {Provided by
                                                                 the SAO/NASA
                                                                 Astrophysics
                                                                 Data System}
}

@ARTICLE{1975ApJ...196....1P,
   author = {{Peebles}, P.~J.~E. and {Groth}, E.~J.},
       title = "{Statistical analysis of catalogs of extragalactic objects. V -
       Three-point correlation function for the galaxy distribution in the
       Zwicky catalog}",
         journal = {\apj},
          keywords = {Astronomical Catalogs, Astronomical Models, Galactic
          Clusters, Statistical Analysis, Correlation, Dynamic Stability,
          Extragalactic Radio Sources, Gravitational Effects, Least Squares
          Method},
               year = 1975,
                   month = feb,
                      volume = 196,
                          pages = {1-11},
                                doi = {10.1086/153390},
                                   adsurl =
                                   {http://adsabs.harvard.edu/abs/1975ApJ...196....1P},
                                     adsnote = {Provided by the SAO/NASA
                                     Astrophysics Data System}
}

@ARTICLE{2017MNRAS.469.1738S,
   author = {{Slepian}, Z. and {Eisenstein}, D.~J. and {Brownstein}, J.~R. and 
    {Chuang}, C.-H. and {Gil-Mar{\'{\i}}n}, H. and {Ho}, S. and 
        {Kitaura}, F.-S. and {Percival}, W.~J. and {Ross}, A.~J. and 
            {Rossi}, G. and {Seo}, H.-J. and {Slosar}, A. and
            {Vargas-Maga{\~n}a}, M.
                },
                    title = "{Detection of baryon acoustic oscillation features
                    in the large-scale three-point correlation function of SDSS
                    BOSS DR12 CMASS galaxies}",
                      journal = {\mnras},
                      archivePrefix = "arXiv",
                         eprint = {1607.06097},
                          keywords = {cosmology: observations, distance scale,
                          large-scale structure of Universe},
                               year = 2017,
                                   month = aug,
                                      volume = 469,
                                          pages = {1738-1751},
                                                doi = {10.1093/mnras/stx488},
                                                   adsurl =
                                                   {http://adsabs.harvard.edu/abs/2017MNRAS.469.1738S},
                                                     adsnote = {Provided by the
                                                     SAO/NASA Astrophysics Data
                                                     System}
}

@ARTICLE{2016arXiv160706098S,
   author = {{Slepian}, Z. and {Eisenstein}, D.~J. and {Blazek}, J.~A. and 
    {Brownstein}, J.~R. and {Chuang}, C.-H. and {Gil-Mar{\'{\i}}n}, H. and 
        {Ho}, S. and {Kitaura}, F.-S. and {McEwen}, J.~E. and {Percival}, W.~J.
        and 
            {Ross}, A.~J. and {Rossi}, G. and {Seo}, H.-J. and {Slosar}, A. and 
                {Vargas-Maga{\~n}a}, M.},
                    title = "{Constraining the Baryon-Dark Matter Relative
                    Velocity with the Large-Scale 3-Point Correlation Function
                    of the SDSS BOSS DR12 CMASS Galaxies}",
                      journal = {ArXiv e-prints},
                      archivePrefix = "arXiv",
                         eprint = {1607.06098},
                          keywords = {Astrophysics - Cosmology and Nongalactic
                          Astrophysics},
                               year = 2016,
                                   month = jul,
                                      adsurl =
                                      {http://adsabs.harvard.edu/abs/2016arXiv160706098S},
                                        adsnote = {Provided by the SAO/NASA
                                        Astrophysics Data System}
}

@ARTICLE{2017MNRAS.465.1757G,
   author = {{Gil-Mar{\'{\i}}n}, H. and {Percival}, W.~J. and {Verde}, L. and 
    {Brownstein}, J.~R. and {Chuang}, C.-H. and {Kitaura}, F.-S. and 
        {Rodr{\'{\i}}guez-Torres}, S.~A. and {Olmstead}, M.~D.},
            title = "{The clustering of galaxies in the SDSS-III Baryon
            Oscillation Spectroscopic Survey: RSD measurement from the power
            spectrum and bispectrum of the DR12 BOSS galaxies}",
              journal = {\mnras},
              archivePrefix = "arXiv",
                 eprint = {1606.00439},
                  keywords = {cosmological parameters, large-scale structure of
                  Universe},
                       year = 2017,
                           month = feb,
                              volume = 465,
                                  pages = {1757-1788},
                                        doi = {10.1093/mnras/stw2679},
                                           adsurl =
                                           {http://adsabs.harvard.edu/abs/2017MNRAS.465.1757G},
                                             adsnote = {Provided by the
                                             SAO/NASA Astrophysics Data System}
}

@ARTICLE{2015MNRAS.452.1914G,
   author = {{Gil-Mar{\'{\i}}n}, H. and {Verde}, L. and {Nore{\~n}a}, J. and 
    {Cuesta}, A.~J. and {Samushia}, L. and {Percival}, W.~J. and 
        {Wagner}, C. and {Manera}, M. and {Schneider}, D.~P.},
            title = "{The power spectrum and bispectrum of SDSS DR11 BOSS
            galaxies - II. Cosmological interpretation}",
              journal = {\mnras},
              archivePrefix = "arXiv",
                 eprint = {1408.0027},
                  keywords = {galaxies: haloes, cosmological parameters,
                  cosmology: theory, large-scale structure of Universe},
                       year = 2015,
                           month = sep,
                              volume = 452,
                                  pages = {1914-1921},
                                        doi = {10.1093/mnras/stv1359},
                                           adsurl =
                                           {http://adsabs.harvard.edu/abs/2015MNRAS.452.1914G},
                                             adsnote = {Provided by the
                                             SAO/NASA Astrophysics Data System}
}

@ARTICLE{2015MNRAS.451..539G,
   author = {{Gil-Mar{\'{\i}}n}, H. and {Nore{\~n}a}, J. and {Verde}, L. and 
    {Percival}, W.~J. and {Wagner}, C. and {Manera}, M. and {Schneider}, D.~P.
        },
            title = "{The power spectrum and bispectrum of SDSS DR11 BOSS
            galaxies - I. Bias and gravity}",
              journal = {\mnras},
              archivePrefix = "arXiv",
                 eprint = {1407.5668},
                  keywords = {galaxies: haloes, cosmological parameters,
                  cosmology: theory, large-scale structure of Universe},
                       year = 2015,
                           month = jul,
                              volume = 451,
                                  pages = {539-580},
                                        doi = {10.1093/mnras/stv961},
                                           adsurl =
                                           {http://adsabs.harvard.edu/abs/2015MNRAS.451..539G},
                                             adsnote = {Provided by the
                                             SAO/NASA Astrophysics Data System}
}

@ARTICLE{2013MNRAS.432.2654M,
   author = {{Mar{\'{\i}}n}, F.~A. and {Blake}, C. and {Poole}, G.~B. and 
    {McBride}, C.~K. and {Brough}, S. and {Colless}, M. and {Contreras}, C. and 
        {Couch}, W. and {Croton}, D.~J. and {Croom}, S. and {Davis}, T. and 
            {Drinkwater}, M.~J. and {Forster}, K. and {Gilbank}, D. and 
                {Gladders}, M. and {Glazebrook}, K. and {Jelliffe}, B. and
                {Jurek}, R.~J. and 
                    {Li}, I.-h. and {Madore}, B. and {Martin}, D.~C. and
                    {Pimbblet}, K. and 
                        {Pracy}, M. and {Sharp}, R. and {Wisnioski}, E. and
                        {Woods}, D. and 
                            {Wyder}, T.~K. and {Yee}, H.~K.~C.},
                                title = "{The WiggleZ Dark Energy Survey:
                                constraining galaxy bias and cosmic growth with
                                three-point correlation functions}",
                                  journal = {\mnras},
                                  archivePrefix = "arXiv",
                                     eprint = {1303.6644},
                                      keywords = {methods: statistical,
                                      cosmological parameters, cosmology:
                                      observations, large-scale structure of,
                                      Universe},
                                           year = 2013,
                                               month = jul,
                                                  volume = 432,
                                                      pages = {2654-2668},
                                                            doi =
                                                            {10.1093/mnras/stt520},
                                                               adsurl =
                                                               {http://adsabs.harvard.edu/abs/2013MNRAS.432.2654M},
                                                                 adsnote =
                                                                 {Provided by
                                                                 the SAO/NASA
                                                                 Astrophysics
                                                                 Data System}
}

@ARTICLE{2017A&A...604A.133M,
   author = {{Moresco}, M. and {Marulli}, F. and {Moscardini}, L. and
   {Branchini}, E. and 
    {Cappi}, A. and {Davidzon}, I. and {Granett}, B.~R. and {de la Torre}, S.
    and 
        {Guzzo}, L. and {Abbas}, U. and {Adami}, C. and {Arnouts}, S. and 
            {Bel}, J. and {Bolzonella}, M. and {Bottini}, D. and {Carbone}, C.
            and 
                {Coupon}, J. and {Cucciati}, O. and {De Lucia}, G. and
                {Franzetti}, P. and 
                    {Fritz}, A. and {Fumana}, M. and {Garilli}, B. and
                    {Ilbert}, O. and 
                        {Iovino}, A. and {Krywult}, J. and {Le Brun}, V. and
                        {Le F{\`e}vre}, O. and 
                            {Ma{\l}ek}, K. and {McCracken}, H.~J. and
                            {Polletta}, M. and 
                                {Pollo}, A. and {Scodeggio}, M. and {Tasca},
                                L.~A.~M. and {Tojeiro}, R. and 
                                    {Vergani}, D. and {Zanichelli}, A.},
                                        title = "{The VIMOS Public
                                        Extragalactic Redshift Survey (VIPERS)
                                        . Exploring the dependence of the
                                        three-point correlation function on
                                        stellar mass and luminosity at 0.5
                                        $<$ z $<$ 1.1}",
                                          journal = {\aap},
                                          archivePrefix = "arXiv",
                                             eprint = {1603.08924},
                                              keywords = {galaxies: distances
                                              and redshifts, galaxies:
                                              evolution, galaxies: statistics,
                                              large-scale structure of
                                              Universe, cosmology:
                                              observations},
                                                   year = 2017,
                                                       month = aug,
                                                          volume = 604,
                                                                eid = {A133},
                                                                    pages =
                                                                    {A133},
                                                                          doi =
                                                                          {10.1051/0004-6361/201628589},
                                                                             adsurl
                                                                             =
                                                                             {http://adsabs.harvard.edu/abs/2017A%26A...604A.133M},
                                                                               adsnote
                                                                               =
                                                                               {Provided
                                                                               by
                                                                               the
                                                                               SAO/NASA
                                                                               Astrophysics
                                                                               Data
                                                                               System}
}

@ARTICLE{2018MNRAS.478.4500P,
       author = {{Pearson}, David W. and {Samushia}, Lado},
               title = "{A Detection of the Baryon Acoustic Oscillation
               features in the SDSS BOSS
                       DR12 Galaxy Bispectrum}",
                             journal = {\mnras},
                                  keywords = {cosmology: observations, distance
                                  scale, large-scale structure of
                                          Universe, Astrophysics - Cosmology
                                          and Nongalactic Astrophysics},
                                                   year = 2018,
                                                           month = Aug,
                                                                  volume =
                                                                  {478},
                                                                          pages
                                                                          =
                                                                          {4500-4512},
                                                                                    doi
                                                                                    =
                                                                                    {10.1093/mnras/sty1266},
                                                                                     primaryClass
                                                                                     =
                                                                                     {astro-ph.CO},
                                                                                            adsurl
                                                                                            =
                                                                                            {https://ui.adsabs.harvard.edu/#abs/2018MNRAS.478.4500P},
                                                                                                  adsnote
                                                                                                  =
                                                                                                  {Provided
                                                                                                  by
                                                                                                  the
                                                                                                  SAO/NASA
                                                                                                  Astrophysics
                                                                                                  Data
                                                                                                  System}
}

@ARTICLE{2017MNRAS.467..928G,
       author = {{Gagrani}, Praful and {Samushia}, Lado},
               title = "{Information Content of the Angular Multipoles of
               Redshift-Space Galaxy
                       Bispectrum}",
                             journal = {\mnras},
                                  keywords = {galaxies, statistics, cosmology,
                                  cosmological parameters, large-scale
                                          structure of universe, galaxies:
                                          statistics, Astrophysics -
                                                  Cosmology and Nongalactic
                                                  Astrophysics},
                                                           year = 2017,
                                                                   month = May,
                                                                          volume
                                                                          =
                                                                          {467},
                                                                                  pages
                                                                                  =
                                                                                  {928-935},
                                                                                            doi
                                                                                            =
                                                                                            {10.1093/mnras/stx135},
                                                                                             primaryClass
                                                                                             =
                                                                                             {astro-ph.CO},
                                                                                                    adsurl
                                                                                                    =
                                                                                                    {https://ui.adsabs.harvard.edu/#abs/2017MNRAS.467..928G},
                                                                                                          adsnote
                                                                                                          =
                                                                                                          {Provided
                                                                                                          by
                                                                                                          the
                                                                                                          SAO/NASA
                                                                                                          Astrophysics
                                                                                                          Data
                                                                                                          System}
}


